%% This BibTeX bibliography file was created using BibDesk.
%% https://bibdesk.sourceforge.io/

%% Saved with string encoding Unicode (UTF-8) 



@article{bahdanau2014neural,
  title={Neural machine translation by jointly learning to align and translate},
  author={Bahdanau, Dzmitry and Cho, Kyunghyun and Bengio, Yoshua},
  journal={arXiv preprint arXiv:1409.0473},
  year={2014}
}

@article{cho2014learning,
  title={Learning phrase representations using RNN encoder-decoder for statistical machine translation},
  author={Cho, Kyunghyun and Van Merri{\"e}nboer, Bart and Gulcehre, Caglar and Bahdanau, Dzmitry and Bougares, Fethi and Schwenk, Holger and Bengio, Yoshua},
  journal={arXiv preprint arXiv:1406.1078},
  year={2014}
}

@article{sutskever2014sequence,
  title={Sequence to sequence learning with neural networks},
  author={Sutskever, Ilya and Vinyals, Oriol and Le, Quoc V},
  journal={Advances in neural information processing systems},
  volume={27},
  year={2014}
}

@inproceedings{szegedy2015going,
  title={Going deeper with convolutions},
  author={Szegedy, Christian and Liu, Wei and Jia, Yangqing and Sermanet, Pierre and Reed, Scott and Anguelov, Dragomir and Erhan, Dumitru and Vanhoucke, Vincent and Rabinovich, Andrew},
  booktitle={Proceedings of the IEEE conference on computer vision and pattern recognition},
  pages={1--9},
  year={2015}
}

@inproceedings{plummer2015flickr30k,
  title={Flickr30k entities: Collecting region-to-phrase correspondences for richer image-to-sentence models},
  author={Plummer, Bryan A and Wang, Liwei and Cervantes, Chris M and Caicedo, Juan C and Hockenmaier, Julia and Lazebnik, Svetlana},
  booktitle={Proceedings of the IEEE international conference on computer vision},
  pages={2641--2649},
  year={2015}
}

@article{hodosh2013framing,
  title={Framing image description as a ranking task: Data, models and evaluation metrics},
  author={Hodosh, Micah and Young, Peter and Hockenmaier, Julia},
  journal={Journal of Artificial Intelligence Research},
  volume={47},
  pages={853--899},
  year={2013}
}

@article{chen2015microsoft,
  title={Microsoft coco captions: Data collection and evaluation server},
  author={Chen, Xinlei and Fang, Hao and Lin, Tsung-Yi and Vedantam, Ramakrishna and Gupta, Saurabh and Doll{\'a}r, Piotr and Zitnick, C Lawrence},
  journal={arXiv preprint arXiv:1504.00325},
  year={2015}
}

@inproceedings{sharma2018conceptual,
  title={Conceptual captions: A cleaned, hypernymed, image alt-text dataset for automatic image captioning},
  author={Sharma, Piyush and Ding, Nan and Goodman, Sebastian and Soricut, Radu},
  booktitle={Proceedings of the 56th Annual Meeting of the Association for Computational Linguistics (Volume 1: Long Papers)},
  pages={2556--2565},
  year={2018}
}

@article{xue2020mt5,
  title={mT5: A massively multilingual pre-trained text-to-text transformer},
  author={Xue, Linting and Constant, Noah and Roberts, Adam and Kale, Mihir and Al-Rfou, Rami and Siddhant, Aditya and Barua, Aditya and Raffel, Colin},
  journal={arXiv preprint arXiv:2010.11934},
  year={2020}
}

@inproceedings{farhadi2010every,
  title={Every picture tells a story: Generating sentences from images},
  author={Farhadi, Ali and Hejrati, Mohsen and Sadeghi, Mohammad Amin and Young, Peter and Rashtchian, Cyrus and Hockenmaier, Julia and Forsyth, David},
  booktitle={European conference on computer vision},
  pages={15--29},
  year={2010},
  organization={Springer}
}
@inproceedings{elliott2013image,
  title={Image description using visual dependency representations},
  author={Elliott, Desmond and Keller, Frank},
  booktitle={Proceedings of the 2013 conference on empirical methods in natural language processing},
  pages={1292--1302},
  year={2013}
}

@inproceedings{kong2014you,
  title={What are you talking about? text-to-image coreference},
  author={Kong, Chen and Lin, Dahua and Bansal, Mohit and Urtasun, Raquel and Fidler, Sanja},
  booktitle={Proceedings of the IEEE conference on computer vision and pattern recognition},
  pages={3558--3565},
  year={2014}
}

@inproceedings{gan2017stylenet,
  title={Stylenet: Generating attractive visual captions with styles},
  author={Gan, Chuang and Gan, Zhe and He, Xiaodong and Gao, Jianfeng and Deng, Li},
  booktitle={Proceedings of the IEEE Conference on Computer Vision and Pattern Recognition},
  pages={3137--3146},
  year={2017}
}

@inproceedings{he2019human,
  title={Human attention in image captioning: Dataset and analysis},
  author={He, Sen and Tavakoli, Hamed R and Borji, Ali and Pugeault, Nicolas},
  booktitle={Proceedings of the IEEE/CVF International Conference on Computer Vision},
  pages={8529--8538},
  year={2019}
}

@inproceedings{sidorov2020textcaps,
  title={Textcaps: a dataset for image captioning with reading comprehension},
  author={Sidorov, Oleksii and Hu, Ronghang and Rohrbach, Marcus and Singh, Amanpreet},
  booktitle={European conference on computer vision},
  pages={742--758},
  year={2020},
  organization={Springer}
}

@article{krasin2017openimages,
  title={Openimages: A public dataset for large-scale multi-label and multi-class image classification},
  author={Krasin, Ivan and Duerig, Tom and Alldrin, Neil and Ferrari, Vittorio and Abu-El-Haija, Sami and Kuznetsova, Alina and Rom, Hassan and Uijlings, Jasper and Popov, Stefan and Veit, Andreas and others},
  journal={Dataset available from https://github. com/openimages},
  volume={2},
  number={3},
  pages={18},
  year={2017}
}

@inproceedings{chunseong2017attend,
  title={Attend to you: Personalized image captioning with context sequence memory networks},
  author={Chunseong Park, Cesc and Kim, Byeongchang and Kim, Gunhee},
  booktitle={Proceedings of the IEEE conference on computer vision and pattern recognition},
  pages={895--903},
  year={2017}
}

@article{dos2022pracegover,
  title={\# PraCegoVer: A Large Dataset for Image Captioning in Portuguese},
  author={dos Santos, Gabriel Oliveira and Colombini, Esther Luna and Avila, Sandra},
  journal={Data},
  volume={7},
  number={2},
  pages={13},
  year={2022},
  publisher={MDPI}
}

@article{jeong2019korean,
  title={Korean tourist spot multi-modal dataset for deep learning applications},
  author={Jeong, Changhoon and Jang, Sung-Eun and Na, Sanghyuck and Kim, Juntae},
  journal={Data},
  volume={4},
  number={4},
  pages={139},
  year={2019},
  publisher={MDPI}
}